<collection xmlns="http://www.loc.gov/MARC21/slim">
<record>
  <leader>02118nam0a22003251i 450 </leader>
  <controlfield tag="001">IT\ICCU\CNCE\060964</controlfield>
  <controlfield tag="005">20101230000000.0</controlfield>
  <datafield tag="012" ind1=" " ind2=" ">
    <subfield code="a">sien la59 hali scso (3) 1592 (R)</subfield>
    <subfield code="2">fei</subfield>
  </datafield>
  <datafield tag="100" ind1=" " ind2=" ">
    <subfield code="a">20050812d1592        0itac0103    ba</subfield>
  </datafield>
  <datafield tag="101" ind1=" " ind2=" ">
    <subfield code="a">ITA</subfield>
  </datafield>
  <datafield tag="102" ind1=" " ind2=" ">
    <subfield code="a">IT</subfield>
  </datafield>
  <datafield tag="200" ind1="1" ind2=" ">
    <subfield code="a">℗Le ℗vite de santi padri, insieme col Prato spirituale, nuouamente da m. Giouan Mario Verdizzotti del tutto riformate, corrette, &amp; emendate, cosi intorno la lingua, come intorno alle cose, &amp; espurgate da infiniti errori, di che eran piene; accioche da questa gioueuole, &amp; pia lettione i christiani gelosi della salute dell&apos;anime loro, possano apprender molti salutiferi essempi, di astinentia, di patientia, &amp; di tutto quel che gioua  ̉guadagnarsi il Paradiso. Con le figure, le quali rappresentano come in viuo ritratto tutta la historia. Et con la tauola de capitoli di tutta l&apos;opera</subfield>
  </datafield>
  <datafield tag="210" ind1=" " ind2=" ">
    <subfield code="a">In Venetia</subfield>
    <subfield code="c">appresso Giacomo Cornetti</subfield>
    <subfield code="d">1592</subfield>
  </datafield>
  <datafield tag="215" ind1=" " ind2=" ">
    <subfield code="a">\12!, 242 \i.e. 244! c.</subfield>
    <subfield code="c">ill.</subfield>
    <subfield code="d">4ʻ</subfield>
  </datafield>
  <datafield tag="500" ind1="1" ind2="1">
    <subfield code="3">IT\ICCU\CNCE\068259</subfield>
    <subfield code="a">Vitae patrum</subfield>
  </datafield>
  <datafield tag="620" ind1=" " ind2=" ">
    <subfield code="a">IT</subfield>
    <subfield code="d">Venezia</subfield>
  </datafield>
  <datafield tag="702" ind1=" " ind2="1">
    <subfield code="a">Verdizzotti,</subfield>
    <subfield code="b">Giovanni Mario</subfield>
    <subfield code="3">IT\ICCU\CNCA\006395</subfield>
  </datafield>
  <datafield tag="712" ind1="0" ind2="0">
    <subfield code="a">Cornetti, Giacomo</subfield>
    <subfield code="3">IT\ICCU\CNCT\000119</subfield>
    <subfield code="4">650</subfield>
  </datafield>
  <datafield tag="790" ind1=" " ind2="1">
    <subfield code="a">Verdezzotti,</subfield>
    <subfield code="b">Giovanni Mario</subfield>
    <subfield code="3">IT\ICCU\CNCA\023888</subfield>
    <subfield code="z">Verdizzotti, Giovanni Mario</subfield>
  </datafield>
  <datafield tag="790" ind1=" " ind2="1">
    <subfield code="a">Verdizotus,</subfield>
    <subfield code="b">Ioannes Marius</subfield>
    <subfield code="3">IT\ICCU\CNCA\023889</subfield>
    <subfield code="z">Verdizzotti, Giovanni Mario</subfield>
  </datafield>
  <datafield tag="790" ind1=" " ind2="1">
    <subfield code="a">Verdizotti,</subfield>
    <subfield code="b">Giovanni Mario</subfield>
    <subfield code="3">IT\ICCU\CNCA\023890</subfield>
    <subfield code="z">Verdizzotti, Giovanni Mario</subfield>
  </datafield>
  <datafield tag="790" ind1=" " ind2="1">
    <subfield code="a">Verdizzoti,</subfield>
    <subfield code="b">Giovanni Maria</subfield>
    <subfield code="3">IT\ICCU\CNCA\023891</subfield>
    <subfield code="z">Verdizzotti, Giovanni Mario</subfield>
  </datafield>
  <datafield tag="791" ind1="0" ind2="0">
    <subfield code="a">Cornetti, Iacomo</subfield>
    <subfield code="3">IT\ICCU\CNCT\004676</subfield>
    <subfield code="z">Cornetti, Giacomo</subfield>
  </datafield>
  <datafield tag="791" ind1="0" ind2="0">
    <subfield code="a">Cornettus, Iacobus</subfield>
    <subfield code="3">IT\ICCU\CNCT\004677</subfield>
    <subfield code="z">Cornetti, Giacomo</subfield>
  </datafield>
  <datafield tag="801" ind1=" " ind2="3">
    <subfield code="a">IT</subfield>
    <subfield code="b">ICCU</subfield>
    <subfield code="c">20201115</subfield>
  </datafield>
  <datafield tag="899" ind1=" " ind2=" ">
    <subfield code="a">Biblioteca del Seminario Vescovile della Facolt ̉Teologica del Triveneto dell&apos;Istituto Filosofico Aloisianum. Padova</subfield>
    <subfield code="1">PD0073</subfield>
    <subfield code="2">PUV 01</subfield>
  </datafield>
  <datafield tag="899" ind1=" " ind2=" ">
    <subfield code="a">Biblioteca Oasis. Perugia</subfield>
    <subfield code="1">PG0149</subfield>
    <subfield code="2">UM1 44</subfield>
  </datafield>
  <datafield tag="899" ind1=" " ind2=" ">
    <subfield code="a">Biblioteca comunale Carlo Magnani. Pescia</subfield>
    <subfield code="1">PT0015</subfield>
    <subfield code="2">RT1 IO</subfield>
  </datafield>
  <datafield tag="899" ind1=" " ind2=" ">
    <subfield code="a">Biblioteca Oliveriana. Pesaro</subfield>
    <subfield code="1">PU0061</subfield>
    <subfield code="2">URB OL</subfield>
  </datafield>
  <datafield tag="899" ind1=" " ind2=" ">
    <subfield code="a">Biblioteca provinciale. Salerno</subfield>
    <subfield code="1">SA0063</subfield>
    <subfield code="2">CAM PS</subfield>
  </datafield>
</record>
</collection>
